% ---- OFFLINE EVALUATION
@inproceedings{gonzalez2015your,
  title={Your model is predictive—but is it useful? Theoretical and Empirical Considerations of a New Paradigm for Adaptive Tutoring Evaluation},
  author={Gonz{\'a}lez-Brenes, Jos{\'e} P and Huang, Yun},
  booktitle={Proceedings of the 8th Intl. Conf. on Educational Data Mining},
  year={2015}
}
@inproceedings{yudelson2015small,
  author = {Michael V. Yudelson and Steve Ritter},
  title = {Small Improvement for the Model Accuracy -- Big Difference for the Students},
  address = {Madrid},
  booktitle = {Proceedings of 17th International Conference on Artificial Intelligence in Education},
  year = {2015}
}
@inproceedings{cremonesi2010performance,
  title={Performance of recommender algorithms on top-n recommendation tasks},
  author={Cremonesi, Paolo and Koren, Yehuda and Turrin, Roberto},
  booktitle={Proceedings of the fourth ACM conference on Recommender systems},
  pages={39--46},
  year={2010},
  organization={ACM}
}

% ---- ONLINE EVALUATION
@inproceedings{monterrat2015player,
  title={A Player Model for Adaptive Gamification in Learning Environments},
  author={Monterrat, Baptiste and Desmarais, Michel and Lavou{\'e}, Elise and George, S{\'e}bastien},
  booktitle={Artificial Intelligence in Education},
  pages={297--306},
  year={2015},
  organization={Springer}
}
@article{lopes2015multi,
  title = {Multi-Armed Bandits for Intelligent Tutoring Systems},
  author = {Lopes, Manuel and Clement, Benjamin and Roy, Didier and Oudeyer, Pierre-Yves},
  journal = {Journal of Educational Data Mining},
  year = {2015}
}
@inproceedings{liu2014trading,
  title={Trading Off Scientific Knowledge and User Learning with Multi-Armed Bandits},
  author={Liu, Yun-En and Mandel, Travis and Brunskill, Emma and Popovic, Zoran},
  booktitle={Educational Data Mining},
  year={2014}
}
@inproceedings{liu2014towards,
  title={Towards automatic experimentation of educational knowledge},
  author={Liu, Yun-En and Mandel, Travis and Brunskill, Emma and Popovi{\'c}, Zoran},
  booktitle={Proceedings of the SIGCHI Conference on Human Factors in Computing Systems},
  pages={3349--3358},
  year={2014},
  organization={ACM}
}
@inproceedings{lomas2013optimizing,
  title={Optimizing challenge in an educational game using large-scale design experiments},
  author={Lomas, Derek and Patel, Kishan and Forlizzi, Jodi L and Koedinger, Kenneth R},
  booktitle={Proceedings of the SIGCHI Conference on Human Factors in Computing Systems},
  pages={89--98},
  year={2013},
  organization={ACM}
}
@inproceedings{stamper2012rise,
  title={The Rise of the Super Experiment},
  author={Stamper, John C and Lomas, Derek and Ching, Dixie and Ritter, Steve and Koedinger, Kenneth R and Steinhart, Jonathan},
  journal={Educational Data Mining},
  year={2012},
}

% ---- SYSTEMS
@article{pavlik2007fact,
  title={The FaCT (Fact and Concept Training) System: A new tool linking cognitive science with educators},
  author={Pavlik Jr, Philip I and Presson, Nora and Dozzi, Giancarlo and Wu, Sue-mei and MacWhinney, Brian and Koedinger, KR},
  journal={Proceedings of the Twenty-Ninth Annual Conference of the Cognitive Science Society},
  pages={1379--1384},
  year={2007}
}
@inproceedings{pavlik2008using,
  title={Using the FaCT System (Fact and Concept Training System) for Classroom and Laboratory Experiments},
  author={Pavlik Jr, Philip I and Presson, Nora and Hora, Dave},
  booktitle={Inter-Science Of Learning Center Conference},
  year={2008}
}
@inproceedings{von2013duolingo,
  title={Duolingo: learn a language for free while helping to translate the web},
  author={von Ahn, Luis},
  booktitle={Proceedings of the 2013 international conference on Intelligent user interfaces},
  pages={1--2},
  year={2013},
  organization={ACM}
}
@article{garcia2013learning,
  title={Learning a Language for Free While Translating the Web. Does Duolingo Work?},
  author={Garcia, Ignacio},
  journal={International Journal of English Linguistics},
  volume={3},
  number={1},
  pages={p19},
  year={2013}
}

% ---- PRACTICE CONTROL
@article{cen2007over,
  title={Is Over Practice Necessary?-Improving Learning Efficiency with the Cognitive Tutor through Educational Data Mining.},
  author={Cen, Hao and Koedinger, Kenneth R and Junker, Brian},
  journal={Frontiers in Artificial Intelligence and Applications},
  volume={158},
  pages={511},
  year={2007},
  publisher={Citeseer}
}
@inproceedings{fancsali2013optimal,
  title={Optimal and Worst-Case Performance of Mastery Learning Assessment with Bayesian Knowledge Tracing},
  author={Fancsali, Stephen and Nixon, Tristan and Ritter, Steven},
  booktitle={Educational Data Mining 2013},
  year={2013}
}

% ---- MEMORY
@inproceedings{ostrow2015blocking,
  title = {Blocking vs. Interleaving: A Conceptual Replication Examining},
  author={Ostrow, Korinn and Heffernan, Neil and Heffernan, Cristina and Peterson, Zoe},
  booktitle={Artificial Intelligence in Education},
  pages={338-347},
  year={2015},
  organization={Springer}
}
@inproceedings{maass2015how,
  title = {How Spacing and Variable Retrieval Practice Affect the Learning of Statistics Concepts},
  author={Maass, Jaclyn K and Pavlik Jr, Philip I and Hua, Henry},
  booktitle = {AIED Workshop on Simulated Learners},
  year = {2015}
}
@inproceedings{streeter2015mixture,
  title = {Mixture Modeling of Individual Learning Curves},
  author={Streeter, Matthew},
  booktitle = {Educational Data Mining},
  year = {2015}
}
@article{kornell2014focusing,
  title={Is focusing on unknown items while studying a beneficial long-term strategy?},
  author={Kornell, Nate and Flanagan, Katrina E},
  journal={Journal of Cognitive Psychology},
  volume={26},
  number={8},
  pages={928--942},
  year={2014},
  publisher={Routledge}
}
@article{bjork2013self,
  title={Self-regulated learning: Beliefs, techniques, and illusions},
  author={Bjork, Robert A and Dunlosky, John and Kornell, Nate},
  journal={Annual Review of Psychology},
  volume={64},
  pages={417--444},
  year={2013},
  publisher={Annual Reviews}
}
@article{kornell2010spacing,
  title={Spacing as the friend of both memory and induction in young and older adults.},
  author={Kornell, Nate and Castel, Alan D and Eich, Teal S and Bjork, Robert A},
  journal={Psychology and aging},
  volume={25},
  number={2},
  pages={498},
  year={2010},
  publisher={American Psychological Association}
}
@article{kornell2009optimising,
  title={Optimising learning using flashcards: Spacing is more effective than cramming},
  author={Kornell, Nate},
  journal={Applied Cognitive Psychology},
  volume={23},
  number={9},
  pages={1297--1317},
  year={2009},
  publisher={Wiley Online Library}
}
@article{kornell2008optimising,
  title={Optimising self-regulated study: The benefits—and costs—of dropping flashcards},
  author={Kornell, Nate and Bjork, Robert A},
  journal={Memory},
  volume={16},
  number={2},
  pages={125--136},
  year={2008},
  publisher={Taylor \& Francis}
}
@article{kornell2008learning,
  title={Learning concepts and categories is spacing the “enemy of induction”?},
  author={Kornell, Nate and Bjork, Robert A},
  journal={Psychological science},
  volume={19},
  number={6},
  pages={585--592},
  year={2008},
  publisher={SAGE Publications}
}

% ---- OURS
@inproceedings{niznan2015exploring,
  author = {Juraj Ni\v{z}nan and Radek Pel\'anek and Jan Papou\v{s}ek},
  title = {Exploring the Role of Small Differences in Predictive Accuracy using  Simulated Data},
  booktitle = {AIED Workshop on Simulated Learners},
  year = {2015}
}
@inproceedings{papousek2015impact,
  author = {Jan Papou\v{s}ek and Radek Pel\'{a}nek},
  title = {Impact of Adaptive Educational System Behaviour on Student Motivation},
  booktitle = {Proceedings of 17th International Conference on Artificial Intelligence in Education},
  year = {2015}
}
@inproceedings{papousek2014adaptive,
  author={Papou{\v{s}}ek, Jan and Pel{\'a}nek, Radek and Stanislav, V{\'\i}t},
  address={London},
  booktitle={Proceedings of the 7th International Conference on Educational Data Mining},
  language={eng},
  location={London},
  isbn={978-0-9839525-4-1},
  pages={6-13},
  publisher={International Conference on Educational Data Mining 2014},
  title={Adaptive Practice of Facts in Domains with Varied Prior Knowledge},
  year={2014}
}
@inproceedings{pelanek2014brief,
  title={A Brief Overview of Metrics for Evaluation of Student Models},
  author={Pel{\'a}nek, Radek},
  booktitle = {Approaching Twenty Years of Knowledge Tracing Workshop},
  year = {2014}
}
