--------------------------------------------------------------------------------
-- Adaptive Learning Group
--------------------------------------------------------------------------------
@inproceedings{edm2014-adaptive-facts,
	author = {Jan Papou\v{s}ek and Radek Pel\'{a}nek and V\'it Stanislav},
	title = {Adaptive Practice of Facts in Domains with Varied Prior Knowledge},
	booktitle = {Educational Data Mining (EDM)},
	pages = {6-13},
	year = {2014}
}
@inproceedings{aied2015-impact-of-adaptivity,
	author = {Jan Papou{\v{s}}ek and Radek Pel{\'a}nek},
	title = {Impact of Adaptive Educational System Behaviour on Student Motivation},
	year = {2015},
	booktitle = {Artificial Intelligence in Education (AIED)},
	notes = {accepted}
}
@inproceedings{edm2015-response-times,
	author = {Jan Papou{\v{s}}ek and Radek Pel{\'a}nek and Ji{\v{r}}{\'i} {\v{R}}ih{\'a}k and V\'it Stanislav},
	title = {An Analysis of Response Times in Adaptive Practice of Geography Facts},
	booktitle = {Educational Data Mining (EDM)},
	year = {2015},
	notes = {accepted}
}
@inproceedings{edm2015-simulated,
	author = {Juraj Ni{\v{z}}nan and Jan Papou{\v{s}}ek and Radek Pel{\'a}nek},
	title = {Exploring the Role of Small Differences in Predictive Accuracy using Simulated Data},
	year = {2015},
	booktitle = {Workshops held at Artificial Intelligence in Education (AIED)},
	notes = {submitted}
}
