@book{Elo1978,
  address = {New York},
  author = {Elo, A. E.},
  isbn = {0668047216 9780668047210},
  publisher = {Arco Pub.},
  title = {The rating of chessplayers, past and present},
  year = {1978}
}
@article{Klinkenberg2011,
  author = {Klinkenberg, S. and Straatemeier, M. and van der Maas, H. L. J.},
  journal = {Computers \& Education},
  number = {2},
  pages = {1813-1824},
  title = {Computer adaptive practice of Maths ability using a new item response model for on the fly ability and difficulty estimation.},
  url = {http://dblp.uni-trier.de/db/journals/ce/ce57.html#KlinkenbergSM11},
  volume = {57},
  year = {2011}
}
@incollection{Pardos2010,
  title={Modeling individualization in a bayesian networks implementation of knowledge tracing},
  author={Pardos, Z. A. and Heffernan, N. T},
  booktitle={User Modeling, Adaptation, and Personalization},
  pages={255--266},
  year={2010},
  publisher={Springer}
}
@inproceedings{Wauters2011,
  title={Monitoring Learners' Proficiency: Weight Adaptation in the Elo Rating System.},
  author={Wauters, K. and Desmet, P. and Van Den Noortgate, W.},
  booktitle={EDM},
  pages={247--252},
  year={2011}
}
