@incollection{pardos2010modeling,
  title={Modeling individualization in a bayesian networks implementation of knowledge tracing},
  author={Pardos, Zachary A and Heffernan, Neil T},
  booktitle={User Modeling, Adaptation, and Personalization},
  pages={255--266},
  year={2010},
  publisher={Springer}
}

@article{klinkenberg2011computer,
  title={Computer adaptive practice of Maths ability using a new item response
                  model for on the fly ability and difficulty estimation},
  author={Klinkenberg, S and Straatemeier, M and Van der Maas, HLJ},
  journal={Computers \& Education},
  volume={57},
  number={2},
  pages={1813--1824},
  year={2011},
  publisher={Elsevier}
}

@book{elo1978rating,
  title={The rating of chessplayers, past and present},
  author={Elo, Arpad E},
  volume={3},
  year={1978},
  publisher={Batsford London}
}

@inproceedings{wauters2011monitoring,
  title={Monitoring Learners' Proficiency: Weight Adaptation in the Elo Rating System.},
  author={Wauters, Kelly and Desmet, Piet and Van Den Noortgate, Wim},
  booktitle={EDM},
  pages={247--252},
  year={2011}
}

@article{zirkle2010effects,
  title={Effects of Spaced Repetition on Long-Term Map Knowledge Recall},
  author={Zirkle, David M and Ellis, Arthur K},
  journal={Journal of Geography},
  volume={109},
  number={5},
  pages={201--206},
  year={2010},
  publisher={Taylor \& Francis}
}

@article{wauters2010adaptive,
  title={Adaptive item-based learning environments based on the item response theory: possibilities and challenges},
  author={Wauters, Kelly and Desmet, Piet and Van Den Noortgate, Wim},
  journal={Journal of Computer Assisted Learning},
  volume={26},
  number={6},
  pages={549--562},
  year={2010},
  publisher={Blackwell Publishing Ltd}
}

@book{de2008theory,
  title={{The theory and practice of item response theory}},
  author={De Ayala, R.J.},
  isbn={1593858698},
  year={2008},
  publisher={The Guilford Press}
}

@article{vanlehn2006behavior,
  title={{The behavior of tutoring systems}},
  author={Vanlehn, K.},
  journal={International Journal of Artificial Intelligence in Education},
  volume={16},
  number={3},
  pages={227--265},
  issn={1560-4292},
  year={2006},
  publisher={IOS Press}
}

@article{corbett1994knowledge,
  title={Knowledge tracing: Modeling the acquisition of procedural knowledge},
  author={Corbett, A.T. and Anderson, J.R.},
  journal={User modeling and user-adapted interaction},
  volume={4},
  number={4},
  pages={253--278},
  year={1994},
  publisher={Springer}
}

@article{pavlik2005practice,
  title={Practice and Forgetting Effects on Vocabulary Memory: An Activation-Based Model of the Spacing Effect},
  author={Pavlik, Philip I and Anderson, John R},
  journal={Cognitive Science},
  volume={29},
  number={4},
  pages={559--586},
  year={2005},
  publisher={Wiley Online Library}
}

@article{karpicke2007repeated,
  title={Repeated retrieval during learning is the key to long-term retention},
  author={Karpicke, Jeffrey D and Roediger, Henry L},
  journal={Journal of Memory and Language},
  volume={57},
  number={2},
  pages={151--162},
  year={2007},
  publisher={Academic Press}
}
@article{delaney2010spacing,
  title={Spacing and testing effects: A deeply critical, lengthy, and at times discursive review of the literature},
  author={Delaney, Peter F and Verkoeijen, Peter PJL and Spirgel, Arie},
  journal={Psychology of learning and motivation},
  volume={53},
  pages={63--147},
  year={2010},
  publisher={Elsevier}
}

@inproceedings{mostow2002automated,
  title={Automated comprehension assessment in a reading tutor},
  author={Mostow, Jack and Tobin, Brian and Cuneo, Andrew},
  booktitle={Proceedings of the Proceedings of the ITS 2002 Workshop on Creating Valid Diagnostic Assessments},
  pages={52--63},
  year={2002}
}

@article{mitkov2006computer,
  title={A computer-aided environment for generating multiple-choice test items},
  author={Mitkov, Ruslan and Ha, Le An and Karamanis, Nikiforos},
  journal={Natural Language Engineering},
  volume={12},
  number={2},
  pages={177--194},
  year={2006},
  publisher={Cambridge Univ Press}
}

@inproceedings{pavlik2008using,
  title={Using optimally selected drill practice to train basic facts},
  author={Pavlik Jr, Philip and Bolster, Thomas and Wu, Sue-Mei and Koedinger, Ken and Macwhinney, Brian},
  booktitle={Intelligent Tutoring Systems},
  pages={593--602},
  year={2008},
  organization={Springer}
}

@article{glickman1999parameter,
  title={Parameter estimation in large dynamic paired comparison experiments},
  author={Glickman, Mark E},
  journal={Journal of the Royal Statistical Society: Series C (Applied Statistics)},
  volume={48},
  number={3},
  pages={377--394},
  year={1999},
  publisher={Blackwell Publishers Ltd.}
}

@inproceedings{pavlik2009performance,
  title={Performance Factors Analysis-A New Alternative to Knowledge Tracing.},
  author    = {Philip I. Pavlik and
               Hao Cen and
               Kenneth R. Koedinger},
  booktitle={Proc. of Artificial Intelligence in Education (AIED)},
  pages={531--538},
    publisher = {IOS Press},
    series    = {Frontiers in Artificial Intelligence and Applications},
  volume    = {200},
  year={2009}
}

@inproceedings{its12,
  author    = {P. Jaru\v{s}ek and R. Pel\'anek},
  title     = {Analysis of a Simple Model of Problem Solving Times},
  booktitle = {Proc. of Intelligent Tutoring Systems (ITS)},
  year      = {2012},
  pages     = {379-388},
  series    = {LNCS},
  volume    = {7315},
  publisher = {Springer}
}

@article{van2006lognormal,
  title={A lognormal model for response times on test items},
  author={Van der Linden, W.J.},
  journal={Journal of Educational and Behavioral Statistics},
  volume={31},
  number={2},
  pages={181},
  year={2006},
  publisher={Sage Publications}
}

@article{van2013properties,
  title={Properties of the Bayesian Knowledge Tracing Model},
  author={van de Sande, B.},
  journal={Journal of Educational Data Mining},
  volume={5},
  number={2},
  pages={1},
  year={2013}
}

@article{koedinger2012knowledge,
  title={The Knowledge-Learning-Instruction framework: Bridging the science-practice chasm to enhance robust student learning},
  author={Koedinger, Kenneth R and Corbett, Albert T and Perfetti, Charles},
  journal={Cognitive Science},
  volume={36},
  number={5},
  pages={757--798},
  year={2012},
  publisher={Blackwell Publishing Ltd}
}

@InProceedings{aied13,
  author = 	 {P. Boro\v{s} and J. Ni\v{z}nan and R. Pel\'anek and J. \v{R}ih\'ak},
  title = 	 {Automatic Detection of Concepts from Problem Solving Times},
  booktitle = {Proc. of International Conference on Artificial Intelligence in Education (AIED 2013)},
  pages     = {595-598},
  year = 	 {2013},
  publisher = {Springer},
  series    = {LNCS},
  volume    = {7926},
}

@Misc{decayelo,
  OPTkey = 	 {},
  author = 	 {R. Pel\'anek},
  title = 	 {Time Decay Functions and Elo System in Student Modeling},
  OPThowpublished = {},
  OPTmonth = 	 {},
  year = 	 {2014},
  note = 	 {Submitted},
  OPTannote = 	 {}
}

@inproceedings{qiu2011does,
  title={Does Time Matter? Modeling the Effect of Time with Bayesian Knowledge Tracing.},
  author={Qiu, Yumeng and Qi, Yingmei and Lu, Hanyuan and Pardos, Zachary A and Heffernan, Neil T},
  booktitle={Educational Data Mining (EDM)},
  pages={139--148},
  year={2011}
}
@inproceedings{lomas2013optimizing,
  title={Optimizing challenge in an educational game using large-scale design experiments},
  author={Lomas, Derek and Patel, Kishan and Forlizzi, Jodi L and Koedinger, Kenneth R},
  booktitle={Proceedings of the SIGCHI Conference on Human Factors in Computing Systems},
  pages={89--98},
  year={2013},
  organization={ACM}
}

@article{jansen2013influence,
  title={The influence of experiencing success in math on math anxiety, perceived math competence, and math performance},
  author={Jansen, Brenda RJ and Louwerse, Jolien and Straatemeier, Marthe and Van der Ven, Sanne HG and Klinkenberg, Sharon and Van der Maas, Han LJ},
  journal={Learning and Individual Differences},
  volume={24},
  pages={190--197},
  year={2013},
  publisher={Elsevier}
}
