@inproceedings{Fails2003,
	title={Interactive machine learning},
	author={Fails, J.A. and Olsen Jr, D.R.},
	booktitle={Proceedings of the 8th international conference on Intelligent user interfaces},
	pages={39--45},
	year={2003},
	organization={ACM}
}
@inproceedings{Ankerst1999,
	title={Visual classification: an interactive approach to decision tree construction},
	author={Ankerst, M. and Elsen, Ch. and Ester, M. and Kriegel, H.},
	booktitle={Proceedings of the fifth ACM SIGKDD international conference on Knowledge discovery and data mining},
	pages={392--396},
	year={1999},
	organization={ACM}
}
@article{Ware2001,
	title={Interactive machine learning: letting users build classifiers},
	author={Ware, M. and Frank, E. and Holmes, G. and Hall, M. and Witten, I.H.},
	journal={International Journal of Human-Computer Studies},
	volume={55},
	number={3},
	pages={281--292},
	year={2001},
	publisher={Elsevier}
}
