@article{cen2007over,
  title={Is Over Practice Necessary?-Improving Learning Efficiency with the Cognitive Tutor through Educational Data Mining.},
  author={Cen, Hao and Koedinger, Kenneth R and Junker, Brian},
  journal={Frontiers in Artificial Intelligence and Applications},
  volume={158},
  pages={511},
  year={2007},
  publisher={Citeseer}
}
@article{lee2012impact,
  title={The Impact on Individualizing Student Models on Necessary Practice Opportunities.},
  author={Lee, Jung In and Brunskill, Emma},
  journal={International Educational Data Mining Society},
  year={2012},
  publisher={ERIC}
}
@inproceedings{fancsali2013simulated,
  title={Simulated Students, Mastery Learning, and Improved Learning Curves for Real-World Cognitive Tutors.},
  author={Fancsali, Stephen E and Nixon, Tristan and Vuong, Annalies and Ritter, Steven},
  booktitle={AIED Workshops},
  year={2013},
  organization={Citeseer}
}
@inproceedings{fancsali2013optimal,
  title={Optimal and Worst-Case Performance of Mastery Learning Assessment with Bayesian Knowledge Tracing},
  author={Fancsali, Stephen E and Nixon, Tristan and Ritter, Steven},
  booktitle={Proceedings of the 6th International Conference on Educational Data Mining},
  year={2013}
}
@article{yudelson2013estimating,
  title={Estimating the benefits of student model improvements on a substantive scale},
  author={Yudelson, Michael V and Koedinger, Kenneth R},
  journal={Educational Data Mining, Memphis, TN},
  year={2013}
}
@inproceedings{pardos2013towards,
  title={Towards Moment of Learning Accuracy},
  author={Pardos, Zachary A and Yudelson, Michael V},
  booktitle={AIED 2013 Workshops Proceedings Volume 4},
  pages={3},
  year={2013}
}
