-- Modelsi and related stuff used in areas influeced by memory.

@article{Raaijmakers2003,
	author = {Raaijmakers, J.G.W.},
	journal = {Cognitive Science},
	title = {Spacing and Repetition Effects in Human Memory: Application of the SAM Model},
	url = {http://www.sciencedirect.com/science/article/pii/S0364021303000077},
	year = {2003}
}
@article{Raaijmakers1981,
	title={Search of associative memory.},
	author={Raaijmakers, J.G.W. and Shiffrin, R.M.},
	journal={Psychological review},
	volume={88},
	number={2},
	pages={93},
	year={1981},
	publisher={American Psychological Association}
}
@article{Pavlik2005,
	author = {Pavlik, P.I. and Anderson, J.R.},
	journal = {Cognitive Science},
	title = {Practice and Forgetting Effects on Vocabulary Memory: An Activation-Based Model of the Spacing Effect},
	url = {http://onlinelibrary.wiley.com/doi/10.1207/s15516709cog0000\_14/abstract},
	year = {2005}
}
@article{Pavlik2008,
	author = {Pavlik, P.I. and Anderson, J.R.},
	journal = {Journal of Experimental Psychology: \ldots},
	title = {Using a Model to Compute the Optimal Schedule of Practice.},
	url = {http://psycnet.apa.org/journals/xap/14/2/101/},
	year = {2008}
}
@article{Kahana2005,
	author = {Kahana, M.J. and Howard, M.W.},
	journal = {Psychonomic Bulletin \& Review},
	title = {Spacing and Lag Effects in Free Recall of Pure Lists},
	url = {http://link.springer.com/article/10.3758/BF03196362},
	year = {2005}
}
@article{Jaber1997,
	author = {Jaber, M.Y. and Bonney, M.},
	journal = {Applied Mathematical Modelling},
	keywords = {forgetting,learning,minimum break},
	number = {8},
	pages = {523--531},
	title = {A comparative study of learning curves with forgetting},
	url = {http://www.sciencedirect.com/science/article/pii/S0307904X97000553},
	volume = {21},
	year = {1997}
}
