@PhdThesis{Jarusek2013thesis,
	author = {Jarusek, P.},
	title = {Modeling Problem Solving Times in Tutoring Systems [online]},
	year = {2013},
	type = {Phd Thesis},
	school = {Masaryk University, Faculty of Informatics},
	supervisor = {Ivana Černá},
	url = {http://is.muni.cz/th/98652/fi_d/},
}
