@masterthesis{drazan2011,
	title = {Výpočetní analýza nelineárních dynamických systémů},
	author = {Dražan, Sven},
	school = {Fakulta informatiky Masarykovy univerzity},
	address	= {Brno},
	year = 2011
}

@book{pelanek2012,
   author = {Pelánek, Radek},
   title = {Modelování a simulace komplexních systémů. Jak lépe porozumět světu},
   publisher = {Masarykova univerzita},
   year = {2012},
   address = {Brno},
   edition = {1},
   isbn = {978-80-210-5807-1}
}

@book{eriksson2004,
	title = {Applied Mathematics: Body and Soul: Volume 1: Derivatives and Geometry in IR3},
	author = {Eriksson, K. and Estep, D. and Johnson, C.},
	isbn = {9783540008903},
	lccn = {2003066672},
	series = {Applied Mathematics, Body and Soul},
	url = {http://books.google.cz/books?id=PNJkLS5XcbUC},
	year = {2004},
	publisher = {Springer}
}
@book{iserles1996,
	author = {Iserles, Arieh},
	title = {A first course in the numerical analysis of differential equations},
	year = {1996},
	isbn = {0-521-55655-4},
	publisher = {Cambridge University Press},
	address = {New York, NY, USA},
}
@article{lotka1925,
	author = {Lotka, Alfred James},
	title = {{Elements of Physical Biology}},
	journal = {Nature},
	volume = {116},
	year = {1925},
	pages = {461--461},
	issue = {2917},
	doi = {10.1038/116461b0},
	masid = {1977424}
}
