@masterthesis{drazan2011,
	title	= {Výpočetní analýza nelineárních dynamických systémů},
	author	= {Dražan, Sven},
	school	= {Fakulta informatiky Masarykovy univerzity},
	address	= {Brno},
	year	= 2011
}
